@article{novak2021psychometric,
  title={Psychometric Analysis of the Czech Version of the Toronto Empathy Questionnaire},
  author={Novak, Lukas and Malinakova, Klara and Mikoska, Petr and van Dijk, Jitse P and Dechterenko, Filip and Ptacek, Radek and Tavel, Peter},
  journal={International Journal of Environmental Research and Public Health},
  volume={18},
  number={10},
  pages={5343},
  year={2021},
  publisher={Multidisciplinary Digital Publishing Institute}
}

@book{gujer_systems_2008,
	address = {Berlin, Heidelberg, Germany},
	title = {Systems {Analysis} for {Water} {Technology}},
	isbn = {978-3-540-77277-4},
	shorttitle = {Systems {Analysis} for {Water} {Technology}},
	publisher = {Springer-Verlag},
	author = {Gujer, W.},
	year = {2008}
}

@article{bertrand-krajewski_distribution_1998,
	title = {Distribution of pollutant mass vs volume in stormwater discharges and the first flush phenomenon},
	volume = {32},
	shorttitle = {Distribution of pollutant mass vs volume in stormwater discharges and the first flush phenomenon},
	url = {http://www.scopus.com/inward/record.url?eid=2-s2.0-0032146023&partnerID=40&md5=d6517b6efa014bc12f3ae70abe71977d},
	number = {8},
	journal = {Water Research},
	author = {Bertrand-Krajewski, J. L. and Chebbo, G. and Saget, A.},
	year = {1998},
	keywords = {Combined sewer system, First flush, Pollutant load distribution, Separate sewer system, Storage and treatment tanks, Stormwater discharges, Suspended Solids},
	pages = {2341--2356}
}
